@article{Ruiter,
    author    = {Bob de Ruiter and George Kachergis},
    title     = {{The Mafiascum Dataset: A Large Text Corpus for Deception Detection}},
    volume    = {\textit{arXiv preprint arXiv:1811.07851}},
    year      = {2018}
}

@article{Mehrabian,
	author = {Albert Mehrabian},
	title  = {Nonverbal betrayal of feeling},
	journal = {\textit{Journal of Experimental Research in Personality}},
	year = {1971}
}

@InProceedings{Burgoon,
  author =	{Judee K. Burgoon and J. Pete Blair and Tiantian Qin and Jay F. Nunamaker},
  title = {Detecting deception through linguistic analysis},
  booktitle = {International Conference on Intelligence and Security Informatics},
  year = {2003},
  publisher = "Springer, Berlin, Heidelberg",
  pages = {91--101}
}

@article{Hauch,
  author =	{Valerie Hauch and Iris Bland\'on-Gitlin and Jaume Masip and Siegfried L. Sporer},
  title = {{Are computers effective lie detectors? A meta-analysis of linguistic cues to deception}},
  journal = {\textit{Personality and social psychology Review}},
  volume = {\textit{19}},
  number = {4},
  year = {2015},
  pages = {307--342}
}

@InProceedings{Mihalcea,
  author =	{Rada Mihalcea and Carlo Strapparava},
  title = {{The lie detector: Explorations in the automatic recognition of deceptive language}},
  booktitle = {\textit{Proceedings of the ACL-IJCNLP 2009 Conference Short Papers}},
  year = {2009},
  publisher = "Association for Computational Linguistics",
  pages = {309--312}
}

@InProceedings{ZhouSung,
  author =	{Lina Zhou and Yu W. Sung},
  title = {{Cues to deception in online Chinese groups}},
  booktitle = {\textit{Proceedings of the 41st Annual Hawaii International Conference on System Sciences (HICSS 2008)}},
  year = {2008},
  publisher = "IEEE",
  pages = {146}
}

@InProceedings{Ott,
  author =	{Myle Ott and Yejin Choi and Claire Cardie and Jeffrey T. Hancock},
  title = {{Finding deceptive opinion spam by any stretch of the imagination}},
  booktitle = {\textit{Proceedings of the 49th annual meeting of the association for computational linguistics: Human language technologies-volume 1}},
  year = {2011},
  publisher = "Association for Computational Linguistics",
  pages = {309--319}
}

@InProceedings{Feng,
  author =	{Song Feng and Longfei Xing and Anupam Gogar and Yejin Choi},
  title = {{Distributional footprints of deceptive product reviews}},
  booktitle = {\textit{Sixth International AAAI Conference on Weblogs and Social Media}},
  year = {2012}
}

%%%%%%%%%% EXAMPLES %%%%%%%%%%%%

@book{Aho:72,
    author  = {Alfred V. Aho and Jeffrey D. Ullman},
    title   = {The Theory of Parsing, Translation and Compiling},
    year    = "1972",
    volume  = "1",
    publisher = {Prentice-Hall},
    address = {Englewood Cliffs, NJ}
}

@book{APA:83,
    author  = {{American Psychological Association}},
    title   = {Publications Manual},
    year    = "1983",
   publisher = {American Psychological Association},
   address = {Washington, DC}
}

@article{ACM:83,
	author = {Association for Computing Machinery},
	year = "1983",
	journal = {Computing Reviews},
	volume = "24",
	number = "11",
	pages = "503--512"
}

@article{Chandra:81,
	author = {Ashok K. Chandra and Dexter C. Kozen and Larry J. Stockmeyer},
	year = "1981",
	title = {Alternation},
	journal = {Journal of the Association for Computing Machinery},
	volume = "28",
	number = "1",
	pages = "114--133",
	doi = "10.1145/322234.322243",
}

@inproceedings{andrew2007scalable,
  title={Scalable training of {L1}-regularized log-linear models},
  author={Andrew, Galen and Gao, Jianfeng},
  booktitle={Proceedings of the 24th International Conference on Machine Learning},
  pages={33--40},
  year={2007},
}

@book{Gusfield:97,
    author  = {Dan Gusfield},
    title   = {Algorithms on Strings, Trees and Sequences},
    year    = "1997",
    publisher = {Cambridge University Press},
    address = {Cambridge, UK}
}

@inproceedings{borsch2011,
	Address = {Canberra, Australia},
	Author = {Benjamin Borschinger and Mark Johnson},
	Booktitle = {Proceedings of the Australasian Language Technology Association Workshop 2011},
	Month = {December},
	Pages = {10--18},
	Title = {A Particle Filter algorithm for {B}ayesian Wordsegmentation},
	Year = {2011}}

@article{rasooli-tetrault-2015,
    author    = {Mohammad Sadegh Rasooli and Joel R. Tetreault},
    title     = {Yara Parser: {A} Fast and Accurate Dependency Parser},
    journal   = {Computing Research Repository},
    volume    = {arXiv:1503.06733},
    year      = {2015},
    url       = {http://arxiv.org/abs/1503.06733},
    note    = {version 2}
}

@article{Ando2005,
	Acmid = {1194905},
	Author = {Ando, Rie Kubota and Zhang, Tong},
	Issn = {1532-4435},
	Issue_Date = {12/1/2005},
	Journal = {Journal of Machine Learning Research},
	Month = dec,
	Numpages = {37},
	Pages = {1817--1853},
	Publisher = {JMLR.org},
	Title = {A Framework for Learning Predictive Structures from Multiple Tasks and Unlabeled Data},
	Volume = {6},
	Year = {2005}}

@InProceedings{P16-1001,
  author =	"Goodman, James
  	 and Vlachos, Andreas
	     and Naradowsky, Jason",
  title =    "Noise reduction and targeted exploration in imitation learning for      Abstract Meaning Representation parsing    ",
  booktitle = 	    "Proceedings of the 54th Annual Meeting of the Association for      Computational Linguistics (Volume 1: Long Papers)    ",
  year =    "2016",
  publisher =	"Association for Computational Linguistics",
  pages =   "1--11",
  location =	"Berlin, Germany",
  doi =    "10.18653/v1/P16-1001",
  url =    "http://aclweb.org/anthology/P16-1001"
}

@InProceedings{C14-1001,
  author =	"Harper, Mary",
  title = 	"Learning from 26 Languages: Program Management and Science in the Babel Program",
  booktitle = 	"Proceedings of COLING 2014, the 25th International Conference on Computational Linguistics: Technical Papers",
  year =    "2014",
  publisher =	"Dublin City University and Association for Computational Linguistics",
  pages =   "1",
  location =	"Dublin, Ireland",
  url =    "http://aclweb.org/anthology/C14-1001"
}
